\%
\%  $Description: Sample bibliography$ 
\% 
\%  $Author: ienne $ 
\%  $Date: 1995/09/15 15:19:53 $
\%  $Revision: 1.3 $
\%



\% nünlist vira nunlist pq nenhuma fonte parece ter o small caps do umlaut-u
@incollection{
	nunlist1991,
    author      = "Nunlist, René",
    title       = "Users of Literature",
    editor      = "Martin Hose and David Schenker",
    booktitle   = "A companion to Greek Literature",
    publisher   = "John Wiley \& Sons",
    address     = "West Sussex",
	year        = 2016,
	pages       = "296-297",
    chapter     = 19,
	isbn        = "78-1-4443-3942-0",
}


\% küster vira kuster pq nenhuma fonte parece ter o small caps do umlaut-u
@article{
    kuster2016,
	author  = "Kuster, Marc Wilhelm",
	journal = "Tijdschrift voor Mediageschiedenis",
	title   = "Writing Beyond the Letter",
	volume  = 19,
    number  = 2,
	year    = 2016,
    month   = 12,
}

@book{
	seidenberg2017,
    author    = "Seidenberg, Mark",
    title     = "Language at the Speed of Sight: How We Read, Why So Many Can't, and What Can Be Done About It",
    year      = 2017,
    publisher = "Basic Books",
	address   = "Nova Iorque",
    edition   = "1st",
    note      = "Kindle version",
}

@booklet{
	bessemans2017,
	title   = "Expressive typography to improve communication",
	author  = "Ann Bessemans",
	year    = 2017,
	howpublished    = "ATypI MONTRÉAL 2017",
	note     = "http://youtu.be/JfsixaAmNOw",
}

\% mais um umlaut morre no caminho: wölfel

@inproceedings{
    wolfel2015,
	author    = "Wolfel, Matthias and Schlippe, Tim and Stitz, Angelo",
	title     = "Voice driven type design",
    booktitle = "2015 International Conference on Speech Technology and Human-Computer Dialogue (SpeD)", 
	year    = 2015,
}

@book {
	lynne2003,
	author     = "Truss, Lynne",
    title      = "Eats, Shoots \& Leaves",
    publisher  = "Profile Books",
    address    = "Londres",
    year       = 2003,
    page       = 202,
}

@phdtesis {
	pdpcosta2015,
    author     = "Costa, Paula Dornhofer Paro",
    title      = "Two-Dimensional Expressive Speech Animation",
    year       = 2015,
    school     = "Faculdade de Engenharia Elétrica, Universidade Estadual de Campinas",
}


@article {
	koolagudi2012,
	title      = "Emotion recognition from speech: a review",
    author     = "Koolagudi, Shashidhar G. and Rao, K. Sreenivasa",
    journal    = "International Journal of Speech Technology",
    volume     = 15,
    number     = 2,
    year       = 2012,
    month      = 6,
}

@mastersthesis{
	suksumek2017,
	author      = "Suksumek, Promphan",
	title       = "Emotional Type",
	school      = "FHNW HGK – Visual Communication Institute, The Basel School of Design",
	year        = 2017,
	address     = "",
}


@mastersthesis{
	ondrej,
	author      = "Jelinek, Ondrej",
	title       = "The Spoken Word in Typography",
	school      = "FHNW HGK – Visual Communication Institute, The Basel School of Design",
	year        = 2013,
	address     = "",
}

@article {
	haralambous1993,
	title      = "Parametrization of {PostScript} fonts through {METAFONT} — an alternative to {Adobe} {Multiple} {Master} fonts",
    author     = "Haralambous, Yannis",
    journal    = {Electronic Publishing},
    year       = {1993},
    volume     = {6},
    pages      = {145-157},
}

@misc{
	varfontssepcs,
    title      = {OpenType Font Variations Overview
},
	month = {1},
    year = {2017},
	author = {Constable, Peter and Jacobs, Mike},
	howpublished = {\url{https://docs.microsoft.com/en-us/typography/opentype/spec/otvaroverview}},
    note       = {Acessado em: 4/7/2018},
   
}

@misc {
	about_cardsorting,
    author = {Soranzo, Alberta and Cooksey, Dave},
    month = {4},
    year = {2015},
    title = {Testing Taxonomies Beyond Card Sorting},
    howpublished = {\url{https://www.slideshare.net/atrebla/testing-taxonomies-beyond-card-sorting}},
    note = {Acessado em: 22/7/2018},	
}

@misc {
	aeneas-design,
    author = {Alberto Pettarin},
    month = {8},
    year = {2016},
    title = {Inside aeneas Part 1: Motivation And Design Principles},
    howpublished = {\url{http://www.albertopettarin.it/blog/2016/08/03/inside-aeneas-part-1-motivation-and-design-principles.html}},
    note = {Acessado em: 27/7/2018},
}

@misc {
	aeneas,
    author = {Pettarin, Alberto},
    title = {Aeneas: How Does This Thing Work?},
    howpublished = {\url{https://github.com/readbeyond/aeneas/blob/master/wiki/HOWITWORKS.md}},
    month = {2},
    year = {2017},
    note = {Acessado em: 24/7/2018},
}

@inproceedings{
	Rao2010CharacterizationOE,
    title={Characterization of Emotions Using the Dynamics of Prosodic Features},
    author={K. Sreenivasa Rao and Ramu Reddy and Sudhamay Maity and Shashidhar G. Koolagudi},
    year={2010}
}

@inproceedings{
	nawaz2012,
	author = {Nawaz, Ather},
	year = {2012},
	month = {08},
    booktitle = "The 10th Asia Pacific conference on computer human interaction (APCHI2012)", 
	pages = {},
    url = {http://openarchive.cbs.dk/handle/10398/8587},
    location = {Matsue, Japão},
	title = {A Comparison of Card-sorting Analysis Methods},
}

 @misc{ 
 	codex_vaticanus,
 	author = "Wikimedia Commons",
 	title = "File:Codex Vaticanus Matthew 1,22-2,18.jpg --- Wikimedia Commons{,} the free media repository",
 	year = "2018",
	url = {https://commons.wikimedia.org/w/index.php?title=File:Codex\_Vaticanus\_Matthew\_1,22-2,18.jpg},
	note = "Acessado em: 28/7/2017"
 }


@article{
	fiske_video_2015,
	title = {Video {Captions} {Benefit} {Everyone}},
	volume = {2},
	issn = {2372-7322, 2372-7330},
	url = {http://journals.sagepub.com/doi/10.1177/2372732215602130},
	doi = {10.1177/2372732215602130},
	language = {en},
	number = {1},
	urldate = {2018-07-28},
	journal = {Policy Insights from the Behavioral and Brain Sciences},
	author = {Gernsbacher, Morton Ann},
	editor = {Fiske, Susan T.},
	month = 10,
	year = {2015},
	pages = {195--202},
}



@misc{
	kruger_original_2017,
	type = {Journal article ({Paginated})},
	title = {Original {Language} {Subtitles}: {Their} {Effects} on the {Native} and {Foreign} {Viewer}},
	copyright = {cc\_by\_nc\_sa},
	shorttitle = {Original {Language} {Subtitles}},
	url = {http://eprints.rclis.org/30595/},
	language = {es},
	urldate = {2018-06-18},
	journal = {Comunicar},
	author = {Kruger, Jan-Louis and Doherty, Stephen and Soto-Sanfiel, María T.},
	year = {2017},
}



@incollection{
	transatology,
    author      = "Kruger, Jan-Louis and Soto-Sanfiel, María T. and Doherty, Stephen and Ibrahim, Ronny",
    title       = "Towards a cognitive audiovisual translatology: Subtitles and Embodied Cognition",
    editor      = "Muñoz, Ricardo",
    booktitle   = "Reembedding Translation Process Research",
    publisher   = "John Benjamins",
    address     = "Amsterdã",
	year        = 2016,
	pages       = "171-194",
    chapter     = 8,
	isbn        = "9789027258748",
}

@article{
	murphy-berman_impact_1983,
	title = {The {Impact} of {Captions} {On} {Hearing}-{Impaired} {Children}'s {Affective} {Reactions} {To} {Television}},
	volume = {17},
	issn = {0022-4669, 1538-4764},
	url = {http://journals.sagepub.com/doi/10.1177/002246698301700107},
	doi = {10.1177/002246698301700107},
	language = {en},
	number = {1},
	journal = {The Journal of Special Education},
	author = {Murphy-Berman, Virginia and Whobrey, Linda},
	month = apr,
	year = {1983},
	pages = {47--62},
}
